@online{site:esempio1,
    title   = {Come salutare},
    url     = {http://example.com/1}
}

@online{site:esempio2,
    title   = {Saluti nelle parti del mondo},
    url     = {https://example.com/2}
}
